<record><leader>00000cas a2200000 a 4500</leader><controlfield tag="001">11663222</controlfield><controlfield tag="008">850206d18771884ksuwr ne      0   a0eng d</controlfield><datafield ind1=" " ind2=" " tag="010"><subfield code="a">sn 85029030 </subfield></datafield><datafield ind1=" " ind2=" " tag="040"><subfield code="a">KSH</subfield><subfield code="b">eng</subfield><subfield code="c">KSH</subfield><subfield code="d">NPT</subfield><subfield code="d">OCL</subfield><subfield code="d">OCLCQ</subfield></datafield><datafield ind1=" " ind2=" " tag="042"><subfield code="a">msc</subfield></datafield><datafield ind1="0" ind2=" " tag="130"><subfield code="a">Holton recorder (Holton, Kan. : 1877)</subfield></datafield><datafield ind1="1" ind2="4" tag="245"><subfield code="a">The Holton recorder.</subfield></datafield><datafield ind1=" " ind2=" " tag="260"><subfield code="a">Holton, Kan. :</subfield><subfield code="b">Beck &amp; Shiner,</subfield><subfield code="c">1877-1884.</subfield></datafield><datafield ind1=" " ind2=" " tag="300"><subfield code="a">7 v. ;</subfield><subfield code="c">60 cm.</subfield></datafield><datafield ind1=" " ind2=" " tag="310"><subfield code="a">Weekly</subfield></datafield><datafield ind1="0" ind2=" " tag="362"><subfield code="a">Vol. 9, no. 40 (Jan. 4, 1877)-v. 16, no. 52 (Mar. 20, 1884).</subfield></datafield><datafield ind1=" " ind2=" " tag="500"><subfield code="a">Extra edition published July 2, 1881.</subfield></datafield><datafield ind1=" " ind2=" " tag="500"><subfield code="a">Published by M.M. Beck, Apr. 7, 1881-Mar. 20, 1884.</subfield></datafield><datafield ind1=" " ind2=" " tag="500"><subfield code="a">"Republican." Cf. Ayer, 1883.</subfield></datafield><datafield ind1=" " ind2=" " tag="525"><subfield code="a">Includes supplements.</subfield></datafield><datafield ind1=" " ind2=" " tag="752"><subfield code="a">United States</subfield><subfield code="b">Kansas</subfield><subfield code="c">Jackson</subfield><subfield code="d">Holton.</subfield></datafield><datafield ind1="0" ind2="0" tag="780"><subfield code="t">Holton recorder and express</subfield><subfield code="w">(DLC)sn 85029029</subfield></datafield><datafield ind1="0" ind2="0" tag="785"><subfield code="t">Holton weekly recorder</subfield><subfield code="w">(DLC)sn 85029031</subfield></datafield></record>